<?xml version="1.0" encoding="UTF-8"?><record xmlns="http://www.loc.gov/MARC21/slim" xmlns:cinclude="http://apache.org/cocoon/include/1.0" xmlns:zs="http://www.loc.gov/zing/srw/">
  <leader>00363nz  a2200121n  4500</leader>
  <controlfield tag="001">no 94003605 </controlfield>
  <controlfield tag="003">DLC</controlfield>
  <controlfield tag="005">19940214061047.3</controlfield>
  <controlfield tag="008">940202n| acannaab|          |n aaa     c</controlfield>
  <datafield tag="010" ind1=" " ind2=" ">
    <subfield code="a">no 94003605 </subfield>
  </datafield>
  <datafield tag="040" ind1=" " ind2=" ">
    <subfield code="a">Tx</subfield>
    <subfield code="c">Tx</subfield>
  </datafield>
  <datafield tag="100" ind1="1" ind2="0">
    <subfield code="a">Turpin, Jeff</subfield>
  </datafield>
  <datafield tag="670" ind1=" " ind2=" ">
    <subfield code="a">His Cultural resources survey and assessment of a proposed Southwestern Public Service ... 1993:</subfield>
    <subfield code="b">t.p. (Jeff Turpin)</subfield>
  </datafield>
</record>